<record><leader>00000cas a22000007a 4500</leader><controlfield tag="001">1761227</controlfield><controlfield tag="008">751101c19419999mnuwr ne      0    0eng d</controlfield><datafield ind1=" " ind2=" " tag="010"><subfield code="a">sn 89064735 </subfield></datafield><datafield ind1=" " ind2=" " tag="040"><subfield code="a">MUL</subfield><subfield code="b">eng</subfield><subfield code="c">MUL</subfield><subfield code="d">MN#</subfield><subfield code="d">OCLCQ</subfield><subfield code="d">OCLCF</subfield><subfield code="d">OCLCO</subfield></datafield><datafield ind1="1" ind2=" " tag="029"><subfield code="a">AU@</subfield><subfield code="b">000025861272</subfield></datafield><datafield ind1=" " ind2=" " tag="042"><subfield code="a">msc</subfield></datafield><datafield ind1=" " ind2=" " tag="043"><subfield code="a">n-us-mn</subfield></datafield><datafield ind1=" " ind2=" " tag="052"><subfield code="a">4144</subfield><subfield code="b">O4</subfield></datafield><datafield ind1=" " ind2=" " tag="052"><subfield code="a">4143</subfield><subfield code="b">R5</subfield></datafield><datafield ind1="0" ind2="0" tag="245"><subfield code="a">Olivia times-journal.</subfield></datafield><datafield ind1="3" ind2="0" tag="246"><subfield code="a">Olivia times journal</subfield></datafield><datafield ind1=" " ind2=" " tag="260"><subfield code="a">Olivia, Minn. :</subfield><subfield code="b">V.B. Pushing,</subfield><subfield code="c">1941-</subfield></datafield><datafield ind1=" " ind2=" " tag="300"><subfield code="a">v.</subfield></datafield><datafield ind1=" " ind2=" " tag="310"><subfield code="a">Weekly</subfield></datafield><datafield ind1="0" ind2=" " tag="362"><subfield code="a">Vol. 69, no. 48 (July 10, 1941)-</subfield></datafield><datafield ind1=" " ind2=" " tag="530"><subfield code="a">Available on microfilm from the Minnesota Historical Society.</subfield></datafield><datafield ind1=" " ind2="0" tag="651"><subfield code="a">Olivia (Minn.)</subfield><subfield code="v">Newspapers.</subfield></datafield><datafield ind1=" " ind2="7" tag="655"><subfield code="a">Newspapers.</subfield><subfield code="2">fast</subfield><subfield code="0">(OCoLC)fst01423814</subfield></datafield><datafield ind1=" " ind2="7" tag="651"><subfield code="a">Minnesota</subfield><subfield code="z">Olivia.</subfield><subfield code="2">fast</subfield><subfield code="0">(OCoLC)fst01227779</subfield></datafield><datafield ind1=" " ind2=" " tag="752"><subfield code="a">United States</subfield><subfield code="b">Minnesota</subfield><subfield code="c">Renville</subfield><subfield code="d">Olivia.</subfield></datafield><datafield ind1="0" ind2="4" tag="780"><subfield code="t">Olivia times</subfield><subfield code="w">(DLC)sn 89064725</subfield></datafield><datafield ind1="0" ind2="4" tag="780"><subfield code="t">Renville County journal</subfield><subfield code="w">(DLC)sn 86063405</subfield></datafield></record>